% This file was created with JabRef 2.6.
% Encoding: UTF8

@MISC{smartphonemarkt,
  author = {Berit Block},
  title = {Smartphones gewinnen an Fahrtwind in Deutschland},
  howpublished = {\url{http://www.comscore.com/ger/Press_Events/Press_Releases/2011/1/Google_Android_Shows_Fastest_Growth_Among_Smartphone_Platforms_in_Germany}},
  month = {Janurary},
  year = {2011},
  timestamp = {2011.07.20}
}

@MISC{smartphonemarktgartner,
  author = {Gartner},
  title = {Gartner Says Android to Command Nearly Half of Worldwide Smartphone Operating System Market by Year-End 2012},
  howpublished = {\url{http://www.gartner.com/it/page.jsp?id=1622614}},
  month = {April},
  year = {2011},
  timestamp = {2011.07.20}
}

@MISC{googlenexuss,
  author = {Google},
  title = {Technische Daten - Nexus S},
  howpublished = {\url{http://www.google.de/nexus/#/tech-specs}},
  year = {2011},
  timestamp = {2011.07.20}
}

@MISC{sensornetz,
  author = {Wikipedia},
  title = {Sensornetz},
  howpublished = {\url{http://de.wikipedia.org/wiki/Sensornetz}},
  month = {June},
  year = {2011},
  timestamp = {2011.07.20}
}

@MISC{applegps,
  author = {Tina Klopp},
  title = {Apple weiﬂ, wo Du bist},
  howpublished = {\url{http://www.zeit.de/digital/mobil/2010-06/ios4-standortdaten-apple}},
  month = {April},
  year = {2011},
  timestamp = {2011.07.20}
}

@MISC{iphonetracker,
  author = {Alasdair Allan, Pete Warden},
  title = {iPhone Tracker},
  howpublished = {\url{http://petewarden.github.com/iPhoneTracker/}},
  month = {April},
  year = {2011},
  timestamp = {2011.07.20}
}

@MISC{androidsammelt,
  author = {burgi.ch},
  title = {Auch Android sammelt Positions-Daten},
  howpublished = {\url{http://www.pocketpc.ch/c/930-android-sammelt-geo-daten.html}},
  month = {June},
  year = {2010},
  timestamp = {2011.07.20}
}

@MISC{androidlocdump,
  author = {Magnus Eriksson},
  title = {android-locdump},
  howpublished = {\url{https://github.com/packetlss/android-locdump}},
  month = {April},
  year = {2010},
  timestamp = {2011.07.20}
}

@MISC{turtle,
  author = {David Beckett and Tim Berners-Lee},
  title = {Turtle - Terse RDF Triple Language},
  howpublished = {\url{http://www.w3.org/TeamSubmission/turtle/}},
  month = {March},
  year = {2011},
  owner = {jenskluttig},
  timestamp = {2011.07.05}
}

@MISC{n3,
  author = {Tim Berners-Lee},
  title = {Notation3 (N3) A readable RDF Syntax},
  howpublished = {\url{http://www.w3.org/DesignIssues/Notation3}},
  month = {March},
  year = {2006},
  owner = {jenskluttig},
  timestamp = {2011.07.05}
}

@MISC{sparqltestsuite,
  author = {Lee Feigenbaum},
  title = {DAWG Testcases},
  howpublished = {\url{http://www.w3.org/2001/sw/DataAccess/tests/r2}},
  month = {2004},
  owner = {jenskluttig},
  timestamp = {2011.07.08}
}

@MISC{luposdemo,
  author = {Sven Groppe},
  title = {LUPOSDATE Demonstration},
  howpublished = {\url{http://www.ifis.uni-luebeck.de/index.php?id=luposdate-demo}},
  month = {2011},
  year = {Juli},
  owner = {jenskluttig},
  timestamp = {2011.07.08}
}

@BOOK{groppe,
  title = {Data Management and Query Processing in Semantic Web Databases},
  publisher = {Springer-Verlag},
  year = {2011},
  author = {Sven Groppe},
  owner = {jenskluttig},
  timestamp = {2011.07.02}
}

@BOOK{semweb,
  title = {Semantic Web},
  publisher = {Springer-Verlag},
  year = {2008},
  author = {Pascal Hitzler and Markus Kroetsch and Sebastian Rudolph and York
	Sure},
  owner = {jenskluttig},
  timestamp = {2011.04.20}
}

@ARTICLE{bernerslee,
  author = {Tim Berners-Lee, James Hendler and Ora Lassila},
  title = {The Semantic Web},
  journal = {Scientific American},
  year = {2001},
  volume = {May},
  owner = {jenskluttig},
  timestamp = {2011.07.04}
}

@MISC{xpath,
  author = {W3C},
  title = {XQuery 1.0 and XPath 2.0 Functions and Operators (Second Edition)},
  howpublished = {\url{http://www.w3.org/TR/xpath-functions/}},
  month = {December},
  year = {2010},
  owner = {jenskluttig},
  timestamp = {2011.07.06}
}

@MISC{owl,
  author = {W3C},
  title = {OWL 2 Web Ontology Language: Document Overview},
  howpublished = {\url{http://www.w3.org/TR/owl2-overview/}},
  month = {October},
  year = {2009},
  owner = {jenskluttig},
  timestamp = {2011.07.04}
}

@MISC{xsd,
  author = {W3C},
  title = {W3C XML Schema Definition Language (XSD) 1.1 Part 2: Datatypes},
  howpublished = {\url{http://www.w3.org/TR/xmlschema11-2/}},
  month = {December},
  year = {2009},
  owner = {jenskluttig},
  timestamp = {2011.07.05}
}

@MISC{sparql,
  author = {W3C},
  title = {SPARQL Query Language for RDF},
  howpublished = {\url{http://www.w3.org/TR/rdf-sparql-query/}},
  month = {January},
  year = {2008},
  owner = {jenskluttig},
  timestamp = {2011.07.04}
}

@MISC{layerCake,
  author = {W3C},
  title = {Semantic Web Layer Cake},
  howpublished = {\url{http://www.w3.org/2007/03/layerCake.png}},
  month = {March},
  year = {2007},
  owner = {jenskluttig},
  timestamp = {2011.07.05}
}

@MISC{rdf,
  author = {W3C},
  title = {Resource Description Framework (RDF): Concepts and Abstract Syntax},
  howpublished = {\url{http://www.w3.org/TR/2004/REC-rdf-concepts-20040210/}},
  month = {February},
  year = {2004},
  owner = {jenskluttig},
  timestamp = {2011.07.04}
}

@MISC{rdfs,
  author = {W3C},
  title = {RDF Vocabulary Description Language 1.0: RDF Schema},
  howpublished = {\url{http://www.w3.org/TR/rdf-schema/}},
  month = {February},
  year = {2004},
  owner = {jenskluttig},
  timestamp = {2011.07.04}
}

@MISC{rdfxml,
  author = {W3C},
  title = {RDF/XML Syntax Specification (Revised)},
  howpublished = {\url{http://www.w3.org/TR/rdf-syntax-grammar/}},
  month = {February},
  year = {2004},
  owner = {jenskluttig},
  timestamp = {2011.07.04}
}

@MISC{html,
  author = {W3C},
  title = {HTML 4.01 Specification},
  howpublished = {\url{http://www.w3.org/TR/html4/}},
  month = {December},
  year = {1999},
  organization = {W3C},
  owner = {jenskluttig},
  timestamp = {2011.07.04}
}

@comment{jabref-meta: selector_publisher:}

@comment{jabref-meta: selector_author:}

@comment{jabref-meta: selector_journal:}

@comment{jabref-meta: selector_keywords:}

